@misc{backyardBrainsECG,
  title={Experiment: Heart Action Potentials},
  author={Backyard Brains}},
  note={Retrieved April 2019 from \href{https://backyardbrains.com/experiments/heartrate}{https://backyardbrains.com/experiments/heartrate}}
}

@misc{CVphys,
  title={Cardiovascular Physiology Concepts: Electrocardiogram (EKG, ECG)},
  author={Klabunde, R.E.}},
  note={Retrieved January 2020 from \href{https://www.cvphysiology.com/Arrhythmias/A009}{https://www.cvphysiology.com/Arrhythmias/A009}
}

@article{difrancesco2012funny,
  title={The funny current has a major pacemaking role in the sinus node},
  author={DiFrancesco, D. and Noble, D.},
  journal={Heart Rhythm},
  volume={9},
  number={2},
  pages={299--301},
  year={2012},
  publisher={Elsevier}
}

@incollection{feher2012quantitative,
  title={The Heart as a Pump},
  booktitle={Quantitative Human Physiology: An Introduction (Second Edition)},
  author={Feher, J.},
  year={2012},
  pages={516--524},
  publisher={Academic Press},
  address={Philadelphia, Pennsylvania, USA},
}

@book{guyton2016book,
  title={Textbook of Medical Physiology},
  edition={13},
  author={Guyton, A.C. and Hall, J.E.},
  year={2016},
  publisher={Elsevier, Inc.},
  address={Philadelphia, Pennsylvania, USA},
}

@misc{khanHeart,
  title={The heart is a double pump},
  author={{Khan Academy}},
  note={Retrieved November 2018 from \href{https://www.khanacademy.org/science/health-and-medicine/circulatory-system/circulatory-system-introduction/a/the-heart-is-a-double-pump}{https://www.khanacademy.org/science/health-and-medicine/circulatory-system/circulatory-system-introduction/a/the-heart-is-a-double-pump}}
}

@misc{khanPV,
  title={Understanding cardiac pressure-volume curves},
  author={{Khan Academy}},
  note={Retrieved December 2018 from \href{https://www.khanacademy.org/test-prep/mcat/physical-sciences-practice/physical-sciences-practice-tut/e/understanding-cardiac-pressure-volume-curves}{https://www.khanacademy.org/test-prep/mcat/physical-sciences-practice/physical-sciences-practice-tut/e/understanding-cardiac-pressure-volume-curves}}
}

@misc{khanWork,
  title={Your heart does work: A relationship of pressure and volume},
  author={{Khan Academy}},
  note={Retrieved November 2018 from \href{https://www.khanacademy.org/test-prep/mcat/physical-sciences-practice/physical-sciences-practice-tut/e/your-heart-does-work--a-relationship-of-pressure-and-volume}{https://www.khanacademy.org/test-prep/mcat/physical-sciences-practice/physical-sciences-practice-tut/e/your-heart-does-work--a-relationship-of-pressure-and-volume}}
}

@book{mccall2010physics,
  title={Physics of the Human Body},
  author={McCall, R.P.},
  year={2010},
  publisher={The Johns Hopkins University Press},
  adress={Baltimore, Maryland, USA},
}

@book{mohrman2006cardiovascular,
  title={Cardiovascular Physiology},
  author={Mohrman, D.E. and Heller, L.J.},
  year={2006},
  publisher={Lange Medical Books/McGraw-Hill New York}
}

@incollection{openStaxElectrical,
  title={{19.2 Cardiac Muscle and Electrical Activity.}},
  booktitle={OpenStax, Anatomy \& Physiology},
  author={{OpenStax CNX}},
  publisher={Rice University},
  note={Available at \href{https://openstax.org/books/anatomy-and-physiology/pages/19-2-cardiac-muscle-and-electrical-activity}{https://openstax.org/books/anatomy-and-physiology/pages/19-2-cardiac-muscle-and-electrical-activity}}
}

@incollection{openStaxHeart,
  title={{19.1 Heart Anatomy}},
  booktitle={OpenStax, Anatomy \& Physiology},
  author={{OpenStax CNX}},
  publisher={Rice University},
  note={Available at \href{https://cnx.org/contents/FPtK1zmh@12.8:Y5T\_wVSC@7/Heart-Anatomy}{https://cnx.org/contents/FPtK1zmh@12.8:Y5T\_wVSC@7/Heart-Anatomy}}
}

@incollection{openStaxCycle,
  title={{19.3 Cardiac Cycle}},
  booktitle={OpenStax, Anatomy \& Physiology},
  author={{OpenStax CNX}},
  publisher={Rice University},
  note={Available at \href{https://cnx.org/contents/FPtK1zmh@12.8:IsP5aaud@6/Cardiac-Cycle}{https://cnx.org/contents/FPtK1zmh@12.8:IsP5aaud@6/Cardiac-Cycle}}
}

@book{sperelakis2012cell,
  title={{Cell Physiology Source Book: Essentials of Membrane Biophysics}},
  author={Sperelakis, N.},
  year={2012},
  publisher={Elsevier}
}

@misc{spikeRecorder,
  title={Spike recorder documentation: Getting started},
  author={Backyard Brains},
  year={2015},
  note={Retrieved November 2017 from \href{https://backyardbrains.com/products/files/SpikeRecorderDocumentation.2015.01.pdf}{https://backyardbrains.com/products/files/SpikeRecorderDocumentation.2015.01.pdf}}
}
