@article{berg1991dipole,
  title={Dipole models of eye movements and blinks},
  author={Berg, P. and Scherg, M.},
  journal={Electroencephalography and Clinical Neurophysiology},
  volume={79},
  number={1},
  pages={36--44},
  year={1991},
  publisher={Elsevier}
}

@article{breinin1955electromyography,
  title={Electromyography of the human extraocular muscles: I. Normal kinesiology; divergence mechanism},
  author={Breinin, G.M. and Moldaver, J.},
  journal={AMA Archives of Ophthalmology},
  volume={54},
  number={2},
  pages={200--210},
  year={1955},
  publisher={American Medical Association}
}

@article{foulsham2015eye,
  title={Eye movements and their functions in everyday tasks},
  author={Foulsham, T.},
  journal={Eye},
  volume={29},
  number={2},
  pages={196--199},
  year={2015},
  publisher={Nature Publishing Group}
}

@book{guyton20006textbook,
  title={Textbook of Medical Physiology},
  edition={11},
  author={Guyton, A.C. and Hall, J.E.},
  year={2006},
  publisher={Elsevier Saunders},
  address={Philadelphia, Pennsylvania, USA},
}

@incollection{heide1999electrooculography,
  title={Electrooculography: technical standards and applications},
  author={Heide, W. and Koenig, E. and Trillenberg, P. and K{\"o}mpf, D. and Zee, D.S.},
  editor={Deuschl,G. and Eisen,A.},
  booktitle={Recommendations for the Practice of Clinical Neurophysiology:
Guidelines of the International Federation of Clinical Physiology (EEG Suppl. 52)},
  pages={223--240},
  year={1999},
  publisher={Elsevier},
}

@misc{hyperphysicsDipole,
  title={Dipole moment, electric dipole potential, electric dipole field},
  author={{HyperPhysics, Department of Physics and Astronomy, Georgia State University},
  year={2016},
  note={Retrieved February 2018 from \href{http://hyperphysics.phy-astr.gsu.edu/hbase/electric/dipole.html}{http://hyperphysics.phy-astr.gsu.edu/hbase/electric/dipole.html}},
}

@article{joseph1991apical,
  title={Apical and basal membrane ion transport mechanisms in bovine retinal pigment epithelium},
  author={Joseph, D.P. and Miller, S.S},
  journal={The Journal of Physiology},
  volume={435},
  number={1},
  pages={439--463},
  year={1991},
  publisher={Wiley Online Library}
}

@misc{khanTransport,
  title={Passive transport and active transport across a cell membrane},
  author={Khan Academy},
  note={Retrieved February 2018 from \href{https://www.khanacademy.org/test-prep/mcat/cells/transport-across-a-cell-membrane/a/passive-transport-and-active-transport-across-a-cell-membrane-article}{https://www.khanacademy.org/test-prep/mcat/cells/transport-across-a-cell-membrane/a/passive-transport-and-active-transport-across-a-cell-membrane-article}}
}

@incollection{malmivuo1995bioelectromagnetism,
  title={The Electric Signals Originating in the Eye},
  booktitle={Bioelectromagnetism: Principles and Applications of Bioelectric and Biomagnetic Fields},
  author={Malmivuo, J. and Plonsey, R.},
  year={1995},
  publisher={Oxford University Press},
  note={Available \href{http://www.bem.fi/book/}{http://www.bem.fi/book/}},
}

@article{marg1951development,
  title={Development of electro-oculography: Standing potential of the eye in registration of eye movement},
  author={Marg, E.},
  journal={AMA Archives of Ophthalmology},
  volume={45},
  number={2},
  pages={169--185},
  year={1951},
  publisher={American Medical Association}
}

@book{mather2016foundations,
  title={{Foundations of Sensation and Perception}},
  author={Mather, G.},
  year={2016},
  publisher={Psychology Press}
}

@incollection{openStax2017sensory,
  title={{Sensory Perception}},
  booktitle={OpenStax, Anatomy \& Physiology},
  author={{OpenStax CNX}},
  year={2017},
  publisher={Rice University},
  note={Available at \href{https://cnx.org/contents/s3XqfSLV@9/Sensory-Perception}{https://cnx.org/contents/s3XqfSLV@9/Sensory-Perception}},
}

@book{purves2001editors,
  title={Neuroscience, 2nd edition},
  author={Purves, D. and Augustine, G.J. and Fitzpatrick, D. et al.},
  year={2001},
  publisher={Sinauer Associates},
  address={Sunderland, MA, U.S.A.},
}

@article{quinn1992ion,
  title={Ion transport mechanisms in native human retinal pigment epithelium},
  author={Quinn, R.H. and Miller, S.S.},
  journal={Investigative Ophthalmology \& Visual Science},
  volume={33},
  number={13},
  pages={3513--3527},
  year={1992},
  publisher={The Association for Research in Vision and Ophthalmology}
}

@incollection{schor2011neural,
  title={Neural control of eye movements},
  author={Schor, C.M.},
  editor={Levin,L.A. and Nilsson,S.F.E. and Ver Hoeve, J. and Wu, S.M. and Alm, A. and Kaufman,P.L.},
  booktitle={Adlerâ€™s Physiology of the Eye, 11th edition},
  pages={830--858},
  year={2011},
  publisher={Saunders Elsevier},
}

@misc{spikeRecorder,
  title={Spike recorder documentation: Getting started},
  author={Backyard Brains},
  year={2015},
  note={Retrieved November 2017 from \href{https://backyardbrains.com/products/files/SpikeRecorderDocumentation.2015.01.pdf}{https://backyardbrains.com/products/files/SpikeRecorderDocumentation.2015.01.pdf}}
}

@incollection{viqueira2013ocular,
  title={Ocular Movement and Cardiac Rhythm Control using EEG Techniques},
  author={Viqueira, M. and Garc{\'\i}a Zapirain, B.  and Mendez Zorrilla, A.},
  editor={Erondu, O.F.},
  booktitle={Medical Imaging in Clinical Practice},
  year={2013},
  publisher={InTech}
}