@article{garcia2011surface,
  title={Surface electromyography: Why, when and how to use it},
  author={Cavalcanti Garcia, M.A.  and M. Vieira, T.M.},
  journal={Revista Andaluza de Medicina del Deporte},
  volume={4},
  number={1},
  pages={17--28},
  year={2011},
  publisher={Centro Andaluz de Medicina del Deporte}
}

@book{guyton20006textbook,
  title={Textbook of Medical Physiology},
  edition={11},
  author={Guyton, A.C. and Hall, J.E.},
  year={2006},
  publisher={Elsevier Saunders},
  address={Philadelphia, Pennsylvania, USA},
}

@incollection{openStax2016resp,
  title={{22.3 The Process of Breathing}},
  booktitle={OpenStax, Anatomy \& Physiology},
  author={{OpenStax CNX}},
  year={2016},
  publisher={Rice University},
  note={Available at \href{https://cnx.org/contents/FPtK1zmh@8.24:u67b9E14@6/The-Process-of-Breathing}{https://cnx.org/contents/FPtK1zmh@8.24:u67b9E14@6/The-Process-of-Breathing}},
}

@article{ratnovsky2008mechanics,
  title={Mechanics of respiratory muscles},
  author={Ratnovsky, A. and Elad, D. and Halpern, P.},
  journal={Respiratory Physiology \& Neurobiology},
  volume={163},
  pages={82--89},
  year={2008},
  publisher={Elsevier}
}

@incollection{sanchez2010respiratory,
  title={Respiratory physiology},
  author={S{\'a}nchez-Godoy, J.A.},
  booktitle={{Principles of Pulmonary Protection in Heart Surgery}},
  editor={Gabriel, E.A. and Salerno, T.},
  pages={9--26},
  year={2010},
  publisher={Springer Verlag},
  addresss={London},
}

@incollection{schlegelmilch2011pulmonary,
  title={Pulmonary function testing},
  author={Schlegelmilch, R.M. and Kramme, R.},
  booktitle={Springer Handbook of Medical Technology},
  editor={Kramme, R. and Hoffman, K-P. and Pozos, R.},
  pages={95--117},
  year={2011},
  publisher={Springer}
}

@article{sieck2013mechanical,
  title={Mechanical properties of respiratory muscles},
  author={Sieck, G.C. and Ferreira, L.F. and Reid, M.B. and Mantilla, C.B.},
  journal={Comprehensive Physiology},
  volume={3},
  number={4},
  pages={1553-1567},
  year={2013},
  publisher={Wiley Online Library}
}

@misc{spikeRecorder,
  title={Spike recorder documentation: Getting started},
  author={Backyard Brains},
  year={2015},
  note={Retrieved November 2017 from \href{https://backyardbrains.com/products/files/SpikeRecorderDocumentation.2015.01.pdf}{https://backyardbrains.com/products/files/SpikeRecorderDocumentation.2015.01.pdf}}
}

@incollection{troyer1986action,
  title={Action of the respiratory muscles},
  booktitle={Supplement 12: Handbook of Physiology, The Respiratory System, Mechanics of Breathing},
  author={de Troyer, A. and Loring, S.H.},
  year={1986},
  note={Published online via Comprehensive Physiology}
}