@incollection{leversOLI,
  title={{Levers and Movement}},
  booktitle={Anatomy \& Physiology},
  author={{Open Learning Initiative}},
  publisher={Carnegie Mellon University},
  year={2015},
  note={\href{https://oli.cmu.edu/jcourse/workbook/activity/page?context=df3c7cac0a0001dc63b5a789a1529c51}{https://oli.cmu.edu/jcourse/workbook/activity/page?context=df3c7cac0a0001dc63b5a789a1529c51}},
}

@article{garcia2011surface,
  title={Surface electromyography: Why, when and how to use it},
  author={Cavalcanti Garcia, M.A.  and M. Vieira, T.M.},
  journal={Revista Andaluza de Medicina del Deporte},
  volume={4},
  number={1},
  pages={17--28},
  year={2011},
}

@article{granzier2006giant,
  title={The giant muscle protein titin is an adjustable molecular spring},
  author={Granzier, H.L. and Labeit, S.},
  journal={Exercise and Sport Sciences Reviews},
  volume={34},
  number={2},
  pages={50--53},
  year={2006},
  publisher={LWW}
}

@book{guyton2016book,
  title={Textbook of Medical Physiology},
  edition={11},
  author={Guyton, A.C. and Hall, J.E.},
  year={2006},
  publisher={Elsevier Saunders},
  address={Philadelphia, Pennsylvania, USA},
}

@incollection{openStax2016axial,
  title={{Axial Muscles of the Head, Neck, and Back}},
  booktitle={OpenStax, Anatomy \& Physiology},
  author={{OpenStax CNX}},
  year={2016},
  publisher={Rice University},
  note={\newline \href{https://cnx.org/contents/FPtK1zmh@8.108:\_xq2eUyd@5/Axial-Muscles-of-the-Head-Neck}{https://cnx.org/contents/FPtK1zmh@8.108:\_xq2eUyd@5/Axial-Muscles-of-the-Head-Neck}},
}

@incollection{openStax2016contraction,
  title={{Muscle Fiber Contraction and Relaxation}},
  booktitle={OpenStax, Anatomy \& Physiology},
  author={{OpenStax CNX}},
  year={2016},
  publisher={Rice University},
  note={\newline \href{https://cnx.org/contents/FPtK1zmh@8.108:EtWWcJM-@5/Muscle-Fiber-Contraction-and-R}{https://cnx.org/contents/FPtK1zmh@8.108:EtWWcJM-@5/Muscle-Fiber-Contraction-and-R}},
}

@incollection{openStax2016lever,
  title={{Interactions of Skeletal Muscles, Their Fascicle Arrangement, and Their Lever Systems}},
  booktitle={OpenStax, Anatomy \& Physiology},
  author={{OpenStax CNX}},
  year={2016},
  publisher={Rice University},
  note={ \newline \href{https://cnx.org/contents/FPtK1zmh@8.108:mU03zyTM@2/Interactions-of-Skeletal-Muscl}{https://cnx.org/contents/FPtK1zmh@8.108:mU03zyTM@2/Interactions-of-Skeletal-Muscl}},
}

@incollection{openStax2016muscle,
  title={{Skeletal Muscle}},
  booktitle={OpenStax, Anatomy \& Physiology},
  author={{OpenStax CNX}},
  year={2016},
  publisher={Rice University},
  note={\newline \href{https://cnx.org/contents/FPtK1zmh@8.108:bfiqsxdB@3/Skeletal-Muscle}{https://cnx.org/contents/FPtK1zmh@8.108:bfiqsxdB@3/Skeletal-Muscle}},
}

@incollection{openStax2016nervous,
  title={{Nervous System Control of Muscle Tension}},
  booktitle={OpenStax, Anatomy \& Physiology},
  author={{OpenStax CNX}},
  year={2016},
  publisher={Rice University},
  note={\newline \href{https://cnx.org/contents/FPtK1zmh@8.108:Adm7XcTb@4/Nervous-System-Control-of-Musc}{https://cnx.org/contents/FPtK1zmh@8.108:Adm7XcTb@4/Nervous-System-Control-of-Musc}},
}

@article{rassier2017sarcomere,
  title={Sarcomere mechanics in striated muscles: from molecules to sarcomeres to cells},
  author={Rassier, D.E.},
  journal={American Journal of Physiology-Cell Physiology},
  volume={313},
  number={2},
  pages={C134--C145},
  year={2017},
  publisher={Am Physiological Soc}
}

@misc{richfieldSarcomere,
  title={{Diagrammatic explanation of sliding filament hypothesis, Medical gallery of David Richfield}},
  author={Richfield, D.},
  journal={WikiJournal of Medicine},
  volume={1},
  number={2},
  year={2014},
  note={DOI:10.15347/wjm/2014.009. ISSN 2002-4436}
}

@incollection{schneider2012skeletal,
  title={{Skeletal Muscle Excitation--Contraction Coupling}},
  author={Schneider, M.F. and Hern{\'a}ndez-Ochoa, E.O.},
  booktitle={Muscle: Fundamental Biology and Mechanisms of Disease},
  volume={2},
  pages={811--821},
  year={2012},
  publisher={Elsevier}
}

@misc{spikeRecorder,
  title={Spike recorder documentation: Getting started},
  author={Backyard Brains},
  year={2015},
  note={ \newline \href{https://backyardbrains.com/products/files/SpikeRecorderDocumentation.2015.01.pdf}{https://backyardbrains.com/products/files/SpikeRecorderDocumentation.2015.01.pdf}}
}