@misc{backyardBrainsHand,
  title={Experiment: Signal Classification},
  author={Backyard Brains}},
  note={Retrieved August 2019 from \href{https://backyardbrains.com/experiments/RobotHand}{https://backyardbrains.com/experiments/RobotHand}}
}

@article{duncan2013biomechanics,
  title={Biomechanics of the hand},
  author={Duncan, S.F.M. and Saracevic, C.E. and Kakinoki, R.},
  journal={Hand Clinics},
  volume={29},
  number={4},
  pages={483--492},
  year={2013},
  publisher={Elsevier}
}

@article{fahrenkopf2018hand,
  title={Hand Amputations},
  author={Fahrenkopf, M.P. and Adams, N.S. and Kelpin, J.P. and Do, V.H.},
  journal={Eplasty},
  volume={18},
  pages={ic21},
  year={2018},
  publisher={Open Science Co.}
}

@article{geethanjali2016myoelectric,
  title={Myoelectric control of prosthetic hands: state-of-the-art review},
  author={Geethanjali, Purushothaman},
  journal={Medical Devices (Auckland, NZ)},
  volume={9},
  pages={247},
  year={2016},
  publisher={Dove Press}
}

@article{kirkendall1997function,
  title={Function and biomechanics of tendons},
  author={Kirkendall, D.T. and Garrett, W.E.},
  journal={Scandinavian Journal of Medicine \& Science in Sports},
  volume={7},
  number={2},
  pages={62--66},
  year={1997},
  publisher={Wiley Online Library}
}

@article{kumar2009hand,
  title={Hand Anatomy},
  author={Kumar, A. and Singh, T. and Kumar, A.},
  journal={Biometrics Research Laboratory, Department of Electrical Engineering, Indian Institute of Technology Dehli, New Dehli, India},
  pages={1--11},
  year={2009}
}

@article{maat2018passive,
  title={Passive prosthetic hands and tools: A literature review},
  author={Maat, B. and Smit, G. and Plettenburg, D. and Breedveld, P.},
  journal={Prosthetics and Orthotics International},
  volume={42},
  number={1},
  pages={66--74},
  year={2018},
  publisher={SAGE Publications Sage UK: London, England}
}

@incollection{ombregt2013applied,
  title={Applied anatomy of the wrist, thumb and hand},
  author={Ombregt, L.},
  booktitle={A System of Orthopaedic Medicine},
  edition={3},
  pages={102--111},
  year={2013},
  publisher={Elsevier Health Sciences}
}

@incollection{openStaxBones,
  title={{5.2 Bone Classification}},
  booktitle={OpenStax, Anatomy \& Physiology},
  author={{OpenStax CNX}},
  publisher={Rice University},
  note={Available at \href{https://cnx.org/contents/wpkg\_88R@2.57:8x7YlLHu@4/Bone-Classification}{https://cnx.org/contents/wpkg\_88R@2.57:8x7YlLHu@4/Bone-Classification}}
}

@incollection{openStaxMuscles,
  title={{11.5 Muscles of the Pectoral Girdle and Upper Limbs}},
  booktitle={OpenStax, Anatomy \& Physiology},
  author={{OpenStax CNX}},
  publisher={Rice University},
  note={Available at \href{https://cnx.org/contents/FPtK1zmh@6.27:qOq5t3Jz@3/Muscles-of-the-Pectoral-Girdle-and-Upper-Limbs}{https://cnx.org/contents/FPtK1zmh@6.27:qOq5t3Jz@3/Muscles-of-the-Pectoral-Girdle-and-Upper-Limbs}}
}

@article{panchal2013skeletal,
  title={Skeletal anatomy of the hand},
  author={Panchal-Kildare, S. and Malone, K.},
  journal={Hand Clinics},
  volume={29},
  number={4},
  pages={459--471},
  year={2013},
  publisher={Elsevier}
}

@article{schreuders2007intrinsic,
  title={The intrinsic muscles of the hand},
  author={Schreuders, T.A.R. and Brandsma, J.W. and Stam, H.J.},
  journal={Physikalische Medizin, Rehabilitationsmedizin, Kurortmedizin},
  volume={17},
  number={01},
  pages={20--27},
  year={2007},
  publisher={{\copyright} Georg Thieme Verlag KG Stuttgart{\textperiodcentered} New York}
}

@article{tavakoli2016uc,
  title={The UC softhand: light weight adaptive bionic hand with a compact twisted string actuation system},
  author={Tavakoli, M. and Batista, R. and Sgrigna, L.},
  journal={Actuators},
  volume={5},
  number={1},
  pages={1--12},
  year={2016},
  publisher={Multidisciplinary Digital Publishing Institute}
}

@article{ten20173d,
  title={3D-printed upper limb prostheses: a review},
  author={ten Kate, J. and and Smit, G. and Breedveld, P.},
  journal={Disability and Rehabilitation: Assistive Technology},
  volume={12},
  number={3},
  pages={300--314},
  year={2017},
  publisher={Taylor \& Francis}
}

@book{tortora2014principles,
  title={Principles of Anatomy \& Physiology},
  edition={14},
  author={Tortora, G.J. and Derrickson, B.},
  year={2014},
  publisher={John Wiley \& Sons}
}

@incollection{valenzuela2018lumbricals,
  title={Anatomy, Shoulder and Upper Limb, Hand Lumbrical Muscles},
  booktitle={StatPearls [Internet]},
  author={Valenzuela, M. and Varacallo M.},
  year={2018},
  publisher={StatPearls Publishing},
  note={Available from \href{https://www.ncbi.nlm.nih.gov/books/NBK534876/}{https://www.ncbi.nlm.nih.gov/books/NBK534876/}},
}

@misc{videoAtlas,
  title={Acland's Video Atlas of Human Anatomy},
  author={Â¡Wolters Kluwer}},
  note={Retrieved August 2019 from \href{https://aclandanatomy.com/MultimediaPlayer.aspx?multimediaid=10528113}{https://aclandanatomy.com/MultimediaPlayer.aspx?multimediaid=10528113}}
}

@article{ziegler2008estimating,
  title={Estimating the prevalence of limb loss in the United States: 2005 to 2050},
  author={Ziegler-Graham, K. and MacKenzie, E.J. and Ephraim, P.L. and Travison, T.G. and Brookmeyer, R.},
  journal={Archives of Physical Medicine and Rehabilitation},
  volume={89},
  number={3},
  pages={422--429},
  year={2008},
  publisher={Elsevier}
}


